@article{gupta2022detection,
	title={Detection of tool based edited images from error level analysis and convolutional neural network},
	author={Gupta, Abhishek and Joshi, Raunak and Laban, Ronald},
	journal={arXiv preprint arXiv:2204.09075},
	year={2022}
}
@inproceedings{kaur2019weak,
	title={Weak form efficiency of currency futures: Evidence from India},
	author={Kaur, Amandeep and Chahal, Deepak and Kharb, Latika},
	booktitle={2019 International Conference on Computing, Communication, and Intelligent Systems (ICCCIS)},
	pages={30--35},
	year={2019},
	organization={IEEE}
}
@inproceedings{singh2021image,
title={Image forgery detection using deep neural network},
author={Singh, Anushka and Singh, Jyotsna},
booktitle={2021 8th International conference on signal processing and integrated networks (SPIN)},
pages={504--509},
year={2021},
organization={IEEE}
}

@inproceedings{7412439,
	author={Warif, Nor Bakiah Abd and Idris, Mohd. Yamani Idna and Wahab, Ainuddin Wahid Abdul and Salleh, Rosli},
	booktitle={2015 5th IEEE International Conference on System Engineering and Technology (ICSET)}, 
	title={An evaluation of Error Level Analysis in image forensics}, 
	year={2015},
	volume={},
	number={},
	pages={23-28},
	keywords={Transform coding;Image coding;Image forensics;Splicing;Forgery;Digital images;Authentication;image forensics;JPEG compression;error level analysis},
	doi={10.1109/ICSEngT.2015.7412439}}

@misc{simonyan2015deepconvolutionalnetworkslargescale,
	title={Very Deep Convolutional Networks for Large-Scale Image Recognition}, 
	author={Karen Simonyan and Andrew Zisserman},
	year={2015},
	eprint={1409.1556},
	archivePrefix={arXiv},
	primaryClass={cs.CV},
	url={https://arxiv.org/abs/1409.1556},
}
	
@inproceedings{han2020scene,
	title={Scene-unified image translation for visual localization},
	author={Han, Sheng and Gao, Wei and Wan, Yiming and Wu, Yihong},
	booktitle={2020 IEEE International Conference on Image Processing (ICIP)},
	pages={2266--2270},
	year={2020},
	organization={IEEE}
}
@inproceedings{he2016deep,
	title={Deep residual learning for image recognition},
	author={He, Kaiming and Zhang, Xiangyu and Ren, Shaoqing and Sun, Jian},
	booktitle={Proceedings of the IEEE conference on computer vision and pattern recognition},
	pages={770--778},
	year={2016}
}
@inproceedings{thepade2021image,
	title={Image Forgery Detection using Machine Learning with Fusion of Global and Local Thepade's SBTC Features},
	author={Thepade, Sudeep D and Bhandari, Sanket and Bagde, Chirag and Chaware, Rutuja and Lodha, Krutik},
	booktitle={2021 International Conference on Disruptive Technologies for Multi-Disciplinary Research and Applications (CENTCON)},
	volume={1},
	pages={234--238},
	year={2021},
	organization={IEEE}
}
